@book{osterwalder_volume_2016,
	title = {Volume ray casting - basics \& principles},
	publisher = {Bern University of Applied Sciences},
	author = {Osterwalder, Sven},
	date = {2016-02-14}
}

@book{osterwalder_qde_2016,
	title = {{QDE} - a visual animation system. Software-Architektur.},
	publisher = {Bern University of Applied Sciences},
	author = {Osterwalder, Sven},
	date = {2016-08-05}
}

@online{martin_fowler_presentation_2004,
	title = {Presentation Model},
	url = {https://martinfowler.com/eaaDev/PresentationModel.html},
	abstract = {Represent the state and behavior of the presentation independently of the {GUI} controls used in the interface},
	titleaddon = {martinfowler.com},
	author = {{Martin Fowler}},
	urldate = {2017-03-07},
	date = {2004-07-19},
	file = {Snapshot:/Users/so/Library/Application Support/Zotero/Profiles/mewz8ehz.default/zotero/storage/6XFWX7FJ/PresentationModel.html:text/html}
}

@inproceedings{appel_techniques_1968,
	address = {New York, NY, USA},
	series = {{AFIPS} '68 ({Spring})},
	title = {Some {Techniques} for {Shading} {Machine} {Renderings} of {Solids}},
	url = {http://doi.acm.org/10.1145/1468075.1468082},
	doi = {10.1145/1468075.1468082},
	booktitle = {Proceedings of the {April} 30â€“{May} 2, 1968, {Spring} {Joint} {Computer} {Conference}},
	publisher = {ACM},
	author = {Appel, Arthur},
	year = {1968},
	pages = {37--45}
}

@article{whitted_improved_1980,
	title = {An {Improved} {Illumination} {Model} for {Shaded} {Display}},
	volume = {23},
	issn = {0001-0782},
	url = {http://doi.acm.org/10.1145/358876.358882},
	doi = {10.1145/358876.358882},
	number = {6},
	journal = {Commun. ACM},
	author = {Whitted, Turner},
	month = jun,
	year = {1980},
	keywords = {computer animation, computer graphics, raster displays, shading, visible surface algorithms},
	pages = {343--349}
}

@article{hart_sphere_1994,
	title = {Sphere {Tracing}: {A} {Geometric} {Method} for the {Antialiased} {Ray} {Tracing} of {Implicit} {Surfaces}},
	volume = {12},
	journal = {The Visual Computer},
	author = {Hart, John C.},
	year = {1994},
	pages = {527--545}
}