# -*- org-ref-bibliography-notes: "/Users/so/projects/mte7103-qde/notes.org"; bibtex-completion-notes-path: "/Users/so/projects/mte7103-qde/notes/"; org-ref-pdf-directory: "/Users/so/projects/mte7103-qde/bibtex-pdfs/"; -*-

@book{osterwalder_volume_2016,
	title = {Volume ray casting - basics \& principles},
	publisher = {Bern University of Applied Sciences},
	author = {Osterwalder, Sven},
	date = {2016-02-14}
}

@book{osterwalder_qde_2016,
	title = {QDE - a visual animation system. Software-Architektur.},
	publisher = {Bern University of Applied Sciences},
	author = {Osterwalder, Sven},
	date = {2016-08-05}
}