@book{osterwalder-volume-2016,
  title = {Volume ray casting - basics \& principles},
  publisher = {Bern University of Applied Sciences},
  author = {Osterwalder, Sven},
  date = {2016-02-14}
}

@book{osterwalder-qde-2016,
  title = {{QDE} - a visual animation system. Software-Architektur.},
  publisher = {Bern University of Applied Sciences},
  author = {Osterwalder, Sven},
  date = {2016-08-05}
}

@article{knuth-lp-1984,
  author = {Knuth, Donald E.},
  title = {Literate Programming},
  journal = {The Computer Journal},
  issue_date = {May 1984},
  volume = {27},
  number = {2},
  month = may,
  year = {1984},
  issn = {0010-4620},
  pages = {97--111},
  numpages = {15},
  url = {http://dx.doi.org/10.1093/comjnl/27.2.97},
  doi = {10.1093/comjnl/27.2.97},
  acmid = {479},
  publisher = {Oxford University Press},
  address = {Oxford, UK},
} 

@book{beck-xp-2004,
  author = {Beck, Kent and Andres, Cynthia},
  title = {Extreme Programming Explained: Embrace Change (2Nd Edition)},
  year = {2004},
  isbn = {0321278658},
  publisher = {Addison-Wesley Professional},
}